https://flickity.metafizzy.co/
https://www.npmjs.com/package/react-flickity-component
https://github.com/KnpLabs/KnpPaginatorBundle
https://ghaidabouchala.medium.com/

@online{grafikart,
  title        = {Tutoriels et Formations vidéos sur le développement web},
  author       = {Grafikart},
  note         = {[en ligne]. Mis à jour le 28 décembre 2021 [Consulté le 18 août 2021]. Disponible sur : },
  url          = {https://grafikart.fr/}
}

@online{symfonycasts,
  title        = {SymfonyCasts - PHP and Symfony Video Tutorial Screencasts},
  author       = {SymfonyCasts},
  note         = {[en ligne]. Mis à jour le 23 décembre 2021 [Consulté le 23 août 2021].},
  url          = {https://symfonycasts.com/}
}

@online{stackoverflow,
  title        = {Stack Overflow - Where Developers Learn, Share, and Build Careers},
  author       = {Atwood, Jeff and Spolsky, Joël},
  note         = {[en ligne]. Mis à jour le 30 décembre 2021 [Consulté le 17 décembre 2021].},
  url          = {https://stackoverflow.com/}
}

@online{react,
  title        = {React – Une bibliothèque JavaScript pour créer des interfaces utilisateurs},
  author       = {Facebook},
  note         = {[en ligne]. Mis à jour le 22 mars 2021 [Consulté le 8 novembre 2021].},
  url          = {https://fr.reactjs.org/}
}

@online{symfonyDocs,
  title        = {Symfony, High Performance PHP Framework for Web Development},
  author       = {Symfony SAS},
  note         = {[en ligne]. Mis à jour le 29 décembre 2021 [Consulté le 17 décembre 2021].},
  url          = {https://symfony.com/doc/current/index.html}
}

@online{doctrine,
  title        = {Welcome to Doctrine 2 ORM's documentation! - Doctrine Object Relational Mapper (ORM)},
  author       = {Doctrine},
  note         = {[en ligne]. Mis à jour le 21 décembre 2021 [Consulté le 17 décembre 2021].},
  url          = {https://www.doctrine-project.org/projects/doctrine-orm/en/2.10/index.html}
}

@online{leaflet,
  title        = {Leaflet - a JavaScript library for interactive maps},
  author       = {Agafonkin, Vladimir},
  note         = {[en ligne]. Mis à jour le 4 septembre 2020 [Consulté le 14 décembre 2021].},
  url          = {https://leafletjs.com/}
}

@online{select2,
  title        = {Getting Started | Select2 - The jQuery replacement for select boxes},
  author       = {Weissman, Alexander},
  note         = {[en ligne]. Mis à jour le 3 mai 2020 [Consulté le 28 septembre 2021].},
  url          = {https://select2.org/}
}


@online{arteAnar,
  title        = {Ni Dieu ni maître, une histoire de l'anarchisme},
  author       = {Tancrède Ramonet},
  organization = {ARTE},
  year         = {2019},
  note         = {1:20:48 \shortUrl{https://www.youtube.com/watch?v=yxre_Cd5TAI} - Editorial Moscou}
}

@online{crypto,
  author = {Wikipédia},
  title  = {Portail de Cryptologie},
  url    = {https://fr.wikipedia.org/wiki/Portail:Cryptologie},
  note   = {[En ligne; page disponible]}
}

@book{dirac,
  title     = {The Principles of Quantum Mechanics},
  author    = {Paul Adrien Maurice Dirac},
  isbn      = {9780198520115},
  series    = {International series of monographs on physics},
  year      = {1981},
  publisher = {Clarendon Press},
  keywords  = {physics}
}

@book{entraide,
  author         = {Pablo Servigne and Gauthier Chapelle},
  title          = {L'entraide, l'autre loi de la jungle},
  publisher      = {Les Liens qui Libèrent},
  bookpagination = {page},
  year           = {2019}
}

@inproceedings{guiragossian:hal-02115427,
  title       = {{Former le citoyen-soldat sous la R{\'e}publique jacobine}},
  author      = {Guiragossian, Pauline},
  url         = {https://hal-amu.archives-ouvertes.fr/hal-02115427},
  booktitle   = {L'éducation des citoyens, l'éducation des gouvernants},
  address     = {Aix-en-Provence, France},
  year        = {2019},
  month       = Sep,
  hal_id      = {hal-02115427},
  hal_version = {v1}
}

@book{topdown,
   title =     {Computer Networking: A Top-Down Approach},
   author =    {James W. Kurose and Keith W. Ross},
   publisher = {Pearson},
   year =      {2021},
   series =    {},
   edition =   {8},
   volume =    {},
   note =      {url : \shortUrl{http://gen.lib.rus.ec/book/index.php?md5=8B547BCDF967B08655D6360F6FE9D809}}
}
